<?xml version="1.0" encoding="UTF-8"?><record xmlns="http://www.loc.gov/MARC21/slim" xmlns:cinclude="http://apache.org/cocoon/include/1.0" xmlns:zs="http://www.loc.gov/zing/srw/">
  <leader>00444nz  a2200133n  4500</leader>
  <controlfield tag="001">n 2009071613</controlfield>
  <controlfield tag="003">DLC</controlfield>
  <controlfield tag="005">20091107075403.0</controlfield>
  <controlfield tag="008">091106n| acannaabn          |a aaa      </controlfield>
  <datafield tag="010" ind1=" " ind2=" ">
    <subfield code="a">n 2009071613</subfield>
  </datafield>
  <datafield tag="040" ind1=" " ind2=" ">
    <subfield code="a">DLC</subfield>
    <subfield code="b">eng</subfield>
    <subfield code="c">DLC</subfield>
  </datafield>
  <datafield tag="100" ind1="1" ind2=" ">
    <subfield code="a">Hulst, Merlijn J. van,</subfield>
    <subfield code="d">1976-</subfield>
  </datafield>
  <datafield tag="400" ind1="1" ind2=" ">
    <subfield code="a">Van Hulst, Merlijn J.,</subfield>
    <subfield code="d">1976-</subfield>
  </datafield>
  <datafield tag="670" ind1=" " ind2=" ">
    <subfield code="a">Hulst, Merlijn J. van. Town hall tales, 2008:</subfield>
    <subfield code="b">t.p. (Merlijn J. van Hulst) cover (Merlijn van Hulst) p. [255] (b. Nov. 1, 1976)</subfield>
  </datafield>
</record>